@article{lideren,
  author          = {李德仁},
  title           = {论21世纪遥感与GIS的发展},
  journal         = {武汉大学学报-信息科学版},
  volume          = {28},
  number          = {127-131},
  year            = {2003}
}

@book{yangxin,
  author         = {杨欣},
  editor         = {},
  title          = {图像超分辨率技术原理及应用},
  publisher      = {国防大学出版社},
  year           = {2013}
}

@article{SRCNN2014,
  author={Dong, Chao and Loy, Chen Change and He, Kaiming and Tang, Xiaoou},  
  journal={IEEE Transactions on Pattern Analysis and Machine Intelligence},   
  title={Image Super-Resolution Using Deep Convolutional Networks},   
  year={2016},  
  volume={38},  
  number={2},  
  pages={295-307},  
  doi={10.1109/TPAMI.2015.2439281}
}

@inproceedings{VDSR2016,
  title={Accurate image super-resolution using very deep convolutional networks},
  author={Kim, Jiwon and Lee, Jung Kwon and Lee, Kyoung Mu},
  booktitle={Proceedings of the IEEE conference on computer vision and pattern recognition},
  pages={1646--1654},
  year={2016}
}

@inproceedings{DRCN2016,
  title={Deeply-recursive convolutional network for image super-resolution},
  author={Kim, Jiwon and Lee, Jung Kwon and Lee, Kyoung Mu},
  booktitle={Proceedings of the IEEE conference on computer vision and pattern recognition},
  pages={1637--1645},
  year={2016}
}

@inproceedings{DRRN2017,
  title={Image super-resolution via deep recursive residual network},
  author={Tai, Ying and Yang, Jian and Liu, Xiaoming},
  booktitle={Proceedings of the IEEE conference on computer vision and pattern recognition},
  pages={3147--3155},
  year={2017}
}

@inproceedings{FSRCNN2016,
  title={Accelerating the super-resolution convolutional neural network},
  author={Dong, Chao and Loy, Chen Change and Tang, Xiaoou},
  booktitle={European conference on computer vision},
  pages={391--407},
  year={2016},
  organization={Springer}
}

@inproceedings{ESPCN2016,
  title={Real-time single image and video super-resolution using an efficient sub-pixel convolutional neural network},
  author={Shi, Wenzhe and Caballero, Jose and Husz{\'a}r, Ferenc and Totz, Johannes and Aitken, Andrew P and Bishop, Rob and Rueckert, Daniel and Wang, Zehan},
  booktitle={Proceedings of the IEEE conference on computer vision and pattern recognition},
  pages={1874--1883},
  year={2016}
}

@inproceedings{SRDenseNet2017,
  title={Image super-resolution using dense skip connections},
  author={Tong, Tong and Li, Gen and Liu, Xiejie and Gao, Qinquan},
  booktitle={Proceedings of the IEEE international conference on computer vision},
  pages={4799--4807},
  year={2017}
}

@inproceedings{SRGAN2017,
  title={Photo-realistic single image super-resolution using a generative adversarial network},
  author={Ledig, Christian and Theis, Lucas and Husz{\'a}r, Ferenc and Caballero, Jose and Cunningham, Andrew and Acosta, Alejandro and Aitken, Andrew and Tejani, Alykhan and Totz, Johannes and Wang, Zehan and others},
  booktitle={Proceedings of the IEEE conference on computer vision and pattern recognition},
  pages={4681--4690},
  year={2017}
}

@inproceedings{EDSR2017,
  title={Enhanced deep residual networks for single image super-resolution},
  author={Lim, Bee and Son, Sanghyun and Kim, Heewon and Nah, Seungjun and Mu Lee, Kyoung},
  booktitle={Proceedings of the IEEE conference on computer vision and pattern recognition workshops},
  pages={136--144},
  year={2017}
}

@inproceedings{RDN2018,
  title={Residual dense network for image super-resolution},
  author={Zhang, Yulun and Tian, Yapeng and Kong, Yu and Zhong, Bineng and Fu, Yun},
  booktitle={Proceedings of the IEEE conference on computer vision and pattern recognition},
  pages={2472--2481},
  year={2018}
}

@inproceedings{RCAN2018,
  title={Image super-resolution using very deep residual channel attention networks},
  author={Zhang, Yulun and Li, Kunpeng and Li, Kai and Wang, Lichen and Zhong, Bineng and Fu, Yun},
  booktitle={Proceedings of the European conference on computer vision (ECCV)},
  pages={286--301},
  year={2018}
}

@inproceedings{MSRN2018,
  title={Multi-scale residual network for image super-resolution},
  author={Li, Juncheng and Fang, Faming and Mei, Kangfu and Zhang, Guixu},
  booktitle={Proceedings of the European conference on computer vision (ECCV)},
  pages={517--532},
  year={2018}
}

@inproceedings{SAN2019,
  title={Second-order attention network for single image super-resolution},
  author={Dai, Tao and Cai, Jianrui and Zhang, Yongbing and Xia, Shu-Tao and Zhang, Lei},
  booktitle={Proceedings of the IEEE/CVF conference on computer vision and pattern recognition},
  pages={11065--11074},
  year={2019}
}

@inproceedings{LapSRN2017,
  title={Deep laplacian pyramid networks for fast and accurate super-resolution},
  author={Lai, Wei-Sheng and Huang, Jia-Bin and Ahuja, Narendra and Yang, Ming-Hsuan},
  booktitle={Proceedings of the IEEE conference on computer vision and pattern recognition},
  pages={624--632},
  year={2017}
}

@inproceedings{DBPN2018,
  title={Deep back-projection networks for super-resolution},
  author={Haris, Muhammad and Shakhnarovich, Gregory and Ukita, Norimichi},
  booktitle={Proceedings of the IEEE conference on computer vision and pattern recognition},
  pages={1664--1673},
  year={2018}
}

@inproceedings{SRFeat2018,
  title={Srfeat: Single image super-resolution with feature discrimination},
  author={Park, Seong-Jin and Son, Hyeongseok and Cho, Sunghyun and Hong, Ki-Sang and Lee, Seungyong},
  booktitle={Proceedings of the European conference on computer vision (ECCV)},
  pages={439--455},
  year={2018}
}

@inproceedings{ESRGAN2018,
  title={Esrgan: Enhanced super-resolution generative adversarial networks},
  author={Wang, Xintao and Yu, Ke and Wu, Shixiang and Gu, Jinjin and Liu, Yihao and Dong, Chao and Qiao, Yu and Change Loy, Chen},
  booktitle={Proceedings of the European conference on computer vision (ECCV) workshops},
  pages={0--0},
  year={2018}
}

@inproceedings{CycleGAN2017,
  title={Unpaired image-to-image translation using cycle-consistent adversarial networks},
  author={Zhu, Jun-Yan and Park, Taesung and Isola, Phillip and Efros, Alexei A},
  booktitle={Proceedings of the IEEE international conference on computer vision},
  pages={2223--2232},
  year={2017}
}

@inproceedings{CinCycleGAN2018,
  title={Unsupervised image super-resolution using cycle-in-cycle generative adversarial networks},
  author={Yuan, Yuan and Liu, Siyuan and Zhang, Jiawei and Zhang, Yongbing and Dong, Chao and Lin, Liang},
  booktitle={Proceedings of the IEEE Conference on Computer Vision and Pattern Recognition Workshops},
  pages={701--710},
  year={2018}
}

@inproceedings{DIV2K,
  title={Ntire 2017 challenge on single image super-resolution: Dataset and study},
  author={Agustsson, Eirikur and Timofte, Radu},
  booktitle={Proceedings of the IEEE conference on computer vision and pattern recognition workshops},
  pages={126--135},
  year={2017}
}

@article{BSDS500,
  title={Contour detection and hierarchical image segmentation},
  author={Arbelaez, Pablo and Maire, Michael and Fowlkes, Charless and Malik, Jitendra},
  journal={IEEE transactions on pattern analysis and machine intelligence},
  volume={33},
  number={5},
  pages={898--916},
  year={2010},
  publisher={IEEE}
}

@article{Set5,
  title={Low-complexity single-image super-resolution based on nonnegative neighbor embedding},
  author={Bevilacqua, Marco and Roumy, Aline and Guillemot, Christine and Alberi-Morel, Marie Line},
  year={2012},
  publisher={BMVA press}
}

@inproceedings{Set14,
  title={On single image scale-up using sparse-representations},
  author={Zeyde, Roman and Elad, Michael and Protter, Matan},
  booktitle={International conference on curves and surfaces},
  pages={711--730},
  year={2010},
  organization={Springer}
}

@inproceedings{Urban100,
  title={Single image super-resolution from transformed self-exemplars},
  author={Huang, Jia-Bin and Singh, Abhishek and Ahuja, Narendra},
  booktitle={Proceedings of the IEEE conference on computer vision and pattern recognition},
  pages={5197--5206},
  year={2015}
}

@article{classicDM,
  title={Restoration of a single superresolution image from several blurred, noisy, and undersampled measured images},
  author={Elad, Michael and Feuer, Arie},
  journal={IEEE transactions on image processing},
  volume={6},
  number={12},
  pages={1646--1658},
  year={1997},
  publisher={IEEE}
}

@article{GAN,
  title={Generative adversarial nets},
  author={Goodfellow, Ian and Pouget-Abadie, Jean and Mirza, Mehdi and Xu, Bing and Warde-Farley, David and Ozair, Sherjil and Courville, Aaron and Bengio, Yoshua},
  journal={Advances in neural information processing systems},
  volume={27},
  year={2014}
}

@inproceedings{CinCycleGAN,
  title={Unsupervised image super-resolution using cycle-in-cycle generative adversarial networks},
  author={Yuan, Yuan and Liu, Siyuan and Zhang, Jiawei and Zhang, Yongbing and Dong, Chao and Lin, Liang},
  booktitle={Proceedings of the IEEE Conference on Computer Vision and Pattern Recognition Workshops},
  pages={701--710},
  year={2018}
}

@inproceedings{DSGAN,
  title={Frequency separation for real-world super-resolution},
  author={Fritsche, Manuel and Gu, Shuhang and Timofte, Radu},
  booktitle={2019 IEEE/CVF International Conference on Computer Vision Workshop (ICCVW)},
  pages={3599--3608},
  year={2019},
  organization={IEEE}
}

@inproceedings{DASR,
  title={Unsupervised degradation representation learning for blind super-resolution},
  author={Wang, Longguang and Wang, Yingqian and Dong, Xiaoyu and Xu, Qingyu and Yang, Jungang and An, Wei and Guo, Yulan},
  booktitle={Proceedings of the IEEE/CVF Conference on Computer Vision and Pattern Recognition},
  pages={10581--10590},
  year={2021}
}

@inproceedings{realSR,
  title={Toward real-world single image super-resolution: A new benchmark and a new model},
  author={Cai, Jianrui and Zeng, Hui and Yong, Hongwei and Cao, Zisheng and Zhang, Lei},
  booktitle={Proceedings of the IEEE/CVF International Conference on Computer Vision},
  pages={3086--3095},
  year={2019}
}

@inproceedings{D-realSR,
  title={Component divide-and-conquer for real-world image super-resolution},
  author={Wei, Pengxu and Xie, Ziwei and Lu, Hannan and Zhan, Zongyuan and Ye, Qixiang and Zuo, Wangmeng and Lin, Liang},
  booktitle={European Conference on Computer Vision},
  pages={101--117},
  year={2020},
  organization={Springer}
}

@inproceedings{city100,
  title={Camera lens super-resolution},
  author={Chen, Chang and Xiong, Zhiwei and Tian, Xinmei and Zha, Zheng-Jun and Wu, Feng},
  booktitle={Proceedings of the IEEE/CVF Conference on Computer Vision and Pattern Recognition},
  pages={1652--1660},
  year={2019}
}

@inproceedings{SR-RAW,
  title={Zoom to learn, learn to zoom},
  author={Zhang, Xuaner and Chen, Qifeng and Ng, Ren and Koltun, Vladlen},
  booktitle={Proceedings of the IEEE/CVF Conference on Computer Vision and Pattern Recognition},
  pages={3762--3770},
  year={2019}
}

@article{SupER,
  title={Toward bridging the simulated-to-real gap: Benchmarking super-resolution on real data},
  author={K{\"o}hler, Thomas and B{\"a}tz, Michel and Naderi, Farzad and Kaup, Andr{\'e} and Maier, Andreas and Riess, Christian},
  journal={IEEE transactions on pattern analysis and machine intelligence},
  volume={42},
  number={11},
  pages={2944--2959},
  year={2019},
  publisher={IEEE}
}

@article{SIFT,
  title={Distinctive image features from scale-invariant keypoints},
  author={Lowe, David G},
  journal={International journal of computer vision},
  volume={60},
  number={2},
  pages={91--110},
  year={2004},
  publisher={Springer}
}

@book{RSbook01,
  author         = {周军其 and 叶勤 and 邵永社 and 朱述龙 and 关泽群},
  editor         = {方慧娜},
  title          = {遥感原理与应用},
  publisher      = {武汉大学出版社},
  year           = {2014}
}

@article{RSfeature01,
  title={Research on hierarchical segmentation method of high-resolution remote sensing image based on minimum spanning tree model},
  author={Wenjie, LIN},
  journal={Acta Geodaetica et Cartographica Sinica},
  volume={51},
  number={2},
  pages={316},
  year={2022}
}

@article{rssrbad01,
  title={Achieving super-resolution remote sensing images via the wavelet transform combined with the recursive res-net},
  author={Ma, Wen and Pan, Zongxu and Guo, Jiayi and Lei, Bin},
  journal={IEEE Transactions on Geoscience and Remote Sensing},
  volume={57},
  number={6},
  pages={3512--3527},
  year={2019},
  publisher={IEEE}
}

@article{rssrbad02,
  title={基于密集卷积神经网络的遥感影像超分辨率重建},
  author={王植 and 李安翼 and 方锦雄},
  journal={测绘与空间地理信息},
  volume={43},
  number={08},
  pages={4--8},
  year={2020}
}

@ARTICLE{rssrbad03,
  author={Jiang, Kui and Wang, Zhongyuan and Yi, Peng and Wang, Guangcheng and Lu, Tao and Jiang, Junjun},
  journal={IEEE Transactions on Geoscience and Remote Sensing}, 
  title={Edge-Enhanced GAN for Remote Sensing Image Superresolution}, 
  year={2019},
  volume={57},
  number={8},
  pages={5799-5812},
  doi={10.1109/TGRS.2019.2902431}}

@article{rssrbad04,
  title={利用动态上采样滤波深度网络进行多角度遥感影像超分辨率重建},
  author={陈行 and 罗斌},
  journal={武汉大学学报(信息科学版)},
  volume={46},
  number={11},
  pages={1716--1726},
  year={2021}
}

@INPROCEEDINGS{rssrbad05,
  author={Dong, Xiaoyu and Xi, Zhihong and Sun, Xu and Yang, Lina},
  booktitle={IGARSS 2020 - 2020 IEEE International Geoscience and Remote Sensing Symposium}, 
  title={Remote Sensing Image Super-Resolution via Enhanced Back-Projection Networks}, 
  year={2020},
  volume={},
  number={},
  pages={1480-1483},
  doi={10.1109/IGARSS39084.2020.9323316}
}

@INPROCEEDINGS{rssrbad06,
  author={Ma, Wen and Pan, Zongxu and Guo, Jiayi and Lei, Bin},
  booktitle={IGARSS 2018 - 2018 IEEE International Geoscience and Remote Sensing Symposium}, 
  title={Super-Resolution of Remote Sensing Images Based on Transferred Generative Adversarial Network}, 
  year={2018},
  volume={},
  number={},
  pages={1148-1151},
  doi={10.1109/IGARSS.2018.8517442}
}

@ARTICLE{rssrbad07,
  author={Dong, Xiaoyu and Sun, Xu and Jia, Xiuping and Xi, Zhihong and Gao, Lianru and Zhang, Bing},
  journal={IEEE Transactions on Geoscience and Remote Sensing}, 
  title={Remote Sensing Image Super-Resolution Using Novel Dense-Sampling Networks}, 
  year={2021},
  volume={59},
  number={2},
  pages={1618-1633},
  doi={10.1109/TGRS.2020.2994253}
}

@INPROCEEDINGS{rssrbad08,
  author={Mei, Han and Zhang, Haopeng and Jiang, Zhiguo},
  booktitle={2021 IEEE International Geoscience and Remote Sensing Symposium IGARSS}, 
  title={Self-Attention Fusion Module for Single Remote Sensing Image Super-Resolution}, 
  year={2021},
  volume={},
  number={},
  pages={2883-2886},
  doi={10.1109/IGARSS47720.2021.9553766}
}

@ARTICLE{NWPU-RESISC45,
  author={Cheng, Gong and Han, Junwei and Lu, Xiaoqiang},
  journal={Proceedings of the IEEE}, 
  title={Remote Sensing Image Scene Classification: Benchmark and State of the Art}, 
  year={2017},
  volume={105},
  number={10},
  pages={1865-1883},
  doi={10.1109/JPROC.2017.2675998}
}

@inproceedings{UC-Merced,
  title={Bag-of-visual-words and spatial extensions for land-use classification},
  author={Yang, Yi and Newsam, Shawn},
  booktitle={Proceedings of the 18th SIGSPATIAL international conference on advances in geographic information systems},
  pages={270--279},
  year={2010}
}

@ARTICLE{day14paper,
  author={万昌君 and 吴小丹 and 林兴稳},
  journal={遥感学报}, 
  title={遥感数据时空尺度对地理要素时空变化分析的影响}, 
  year={2019},
  volume={23},
  number={06},
  pages={1064-1077},
  doi={}
}

@book{S2handbook,
  author         = {Sentinel-2 User Handbook},
  editor         = {European Space Agency},
  title          = {European Space Agency},
  publisher      = {European Space Agency},
  year           = {2015}
}

@article{NNDfuse,
author = {Sun, Weihua and Chen, Bin and Messinger, David},
year = {2014},
month = {01},
pages = {013107},
title = {Nearest-neighbor diffusion-based pan-sharpening algorithm for spectral images},
volume = {53},
journal = {Optical Engineering},
doi = {10.1117/1.OE.53.1.013107}
}

@article{ImageReg,
title = {Image registration methods: a survey},
journal = {Image and Vision Computing},
volume = {21},
number = {11},
pages = {977-1000},
year = {2003},
issn = {0262-8856},
doi = {https://doi.org/10.1016/S0262-8856(03)00137-9},
author = {Barbara Zitovรก and Jan Flusser}
}
