@manual{manual01,
  title        = {Sentinel-1 User Handbook},
  author       = {Sentinel-1 Team}
}

@manual{manual02,
  title        = {Sentinel-1 Technical Handbook},
  author       = {Sentinel-1 Team}
}

@manual{manual03,
  title        = {SARscape 培训教程},
  author       = {ESRI 中国信息技术有限公司}
}