@article{TWINNS,
  author          = {Dino Ienco and Roberto Interdonato and Raffaele Gaetano and Dinh Ho Tong Minh},
  title           = {Combining Sentinel-1 and Sentinel-2  Satellite Image Time Series for land cover mapping via a multi-source deep learning architecture},
  journal         = {ISPRS, Journal of Photogrammetry and Remote Sensing},
  volume          = {158},
  number          = {11-22},
  year            = {2019}
}

@article{Conv1D,
  author          = {Liheng Zhong and Lina Hub and Hang Zhou},
  title           = {Deep learning based multi-temporal crop classification},
  journal         = {ISPRS, Journal of Photogrammetry and Remote Sensing},
  volume          = {221},
  number          = {430-443},
  year            = {2019}
}

@article{RefereeModel,
  author          = {Haobo Lyu and  Hui Lu and  Lichao Mou},
  title           = {Learning a Transferable Change Rule from a Recurrent Neural Network for Land Cover Change Detection},
  journal         = {Remote Sensing},
  volume          = {8},
  number          = {506},
  year            = {2016}
}

@article{baseline,
  author          = {Zhiguang Wang and Weizhong Yan and Tim Oates},
  title           = {Time Series Classification from Scratch with Deep Neural Networks: A Strong Baseline},
  journal         = {UNKNOWN},
  volume          = {UNKNOWN},
  number          = {UNKNOWN},
  year            = {2016}
}