@article{article01,
    title={基于三维激光扫描技术的点云滤波与平面拟合算法研究},
    author={黄凌潇, 长安大学},
    journal={长安大学},
    year={2017}
}


@book{article02,
    title={工业测量},
    author={王解先, 同济大学},
    publisher={同济大学},
    year={2014}
}