@mastersthesis{paper01,
  author  = {林蕾},
  title   = {基于循环神经网络模型的遥感影像时间序列分类及变化检测方法研究},
  school  = {中国科学院大学},
  year    = {2018}
}

@mastersthesis{paper02,
  author  = {赵欣怡},
  title   = {基于时序光学和雷达影像的中国海岸带盐沼植被分类研究},
  school  = {华东师范大学},
  year    = {2020}
}
