@mastersthesis{paper01,
  author  = {冯旭斌},
  title   = {基于深度学习的光学遥感图像去噪与超分辨率重建算法研究},
  school  = {中科院西安精密机械研究所},
  year    = {2020}
}

@mastersthesis{paper02,
  author  = {胡学财},
  title   = {自适应的图像超分辨率算法研究},
  school  = {中科院},
  year    = {2021}
}

@mastersthesis{paper03,
  author  = {王一帆},
  title   = {基于深度集成学习的图像超分辨率算法研究},
  school  = {大连理工大学},
  year    = {2020}
}

@mastersthesis{paper04,
  author  = {徐泽楷},
  title   = {稀缺样本下基于深度学习的图像超分辨率方法研究},
  school  = {华中科技大},
  year    = {2019}
}