@article{article01,
    title={3S技术在抚顺西露天矿滑坡监测中的应用},
    author={李洪明},
    journal={吉林大学},
    year={2019}
}

@article{article02,
    author          = {BIM技术在边坡变形监测中的应用研究},
    title           = {贾巧志},
    journal         = {桂林电子科技大学},
    year            = {2019}
}

@article{article03,
    author          = {城市地铁隧道沉降预测及变形分析},
    title           = {刘鹏},
    journal         = {西安科技大学},
    year            = {2019}
}

@article{article04,
    author          = {地铁车辆段基坑开挖变形监测与数值模拟分析},
    title           = {朱永梽},
    journal         = {安徽理工大学},
    year            = {2019}
}

@article{article05,
    author          = {盾构下穿既有建筑物沉降变形分析与控制技术研究},
    title           = {司增国},
    journal         = {安徽理工大学},
    year            = {2019}
}

@article{article06,
    author          = {基于三维激光扫描的采动区拱形隨道变形监测与分析},
    title           = {王龙飞},
    journal         = {太原理工大学},
    year            = {2019}
}

@article{article07,
    author          = {卡尔曼滤波BP神经网络组合模型在地铁变形监测中的应用},
    title           = {林凯},
    journal         = {西安科技大学},
    year            = {2019}
}

@article{article08,
    author          = {兰州市中央商务区深基坑开挖监测与预测研究},
    title           = {李月锋},
    journal         = {兰州理工大学},
    year            = {2019}
}

@article{article09,
    author          = {软土地区某基坑变形监测及预测分析},
    title           = {陈修山},
    journal         = {上海应用技术大学},
    year            = {2019}
}

