@article{article01,
    title={浅谈陕西省人口老龄化问题},
    author={董云花, 咸阳职业技术学院},
    journal={智库时代},
    year={2018}
}

@article{article02,
    title={人口老龄化背景下城乡规划应对思考},
    author={陈喆, 西北大学城市与环境学院},
    journal={宁夏大学学报},
    year={2014}
}

@article{article03,
    title={人口老龄化背景下陕西省社会养老服务体系完善研究},
    author={仇雅越, 西北大学},
    journal={硕士学位论文},
    year={2017}
}

@article{article04,
    title={人口老龄化对社会经济发展的影响研究},
    author={史文莉, 西北大学},
    journal={硕士学位论文},
    year={2007}
}

@article{article05,
    title={人口老龄化对社会经济发展影响的测算},
    author={刘月, 西安欧亚学院},
    journal={统计观察},
    year={2017}
}

@article{article06,
    title={人口老龄化对我国社会经济发展的影响和对策},
    author={帖蕙},
    journal={硕士学位论文},
    year={2010}
}

@article{article07,
    title={陕西省农村人口老龄化对农业产出增长的影响研究},
    author={孙亚菲},
    journal={硕士学位论文},
    year={2018}
}

@article{article08,
    title={陕西省人口老龄化对消费结构的影响},
    author={姬建军},
    journal={江苏经贸职业技术技术学院学报},
    year={2017}
}

@article{article09,
    title={我国老年人人力资源开发对策研究},
    author={蒲玉娟, 陕西科技大学},
    journal={硕士学位论文},
    year={2014}
}