@mastersthesis{yyj_njdx_2019,
  author  = {杨闫君},
  title   = {基于植被指数时序谱类内差异特征的冬小麦遥感识别研究},
  school  = {南京大学},
  year    = {2019}
}

@mastersthesis{zy,
  author  = {张莹},
  title   = {基于多季相Landsat8 OLI影像的多特征森林植被分类},
  school  = {北京林业大学},
  year    = {2018}
}

@mastersthesis{key,
  author  = {宋盼盼},
  title   = {基于光谱时间序列拟合的中国南方水稻遥感识别及面积估算方法研究},
  school  = {东华师范大学},
  year    = {2017}
}

@mastersthesis{hq,
  author  = {胡琼},
  title   = {基于时序MODIS影像的农作物遥感识别方法研究},
  school  = {中国农业科学院},
  year    = {2018}
}