@article{f-gan,
  author          = {Sebastian Nowozin and Botond Cseke},
  title           = {f-GAN: Training Generative Neural Samplers using Variational Divergence Minimization},
  journal         = {arXIV},
  volume          = {0},
  number          = {0},
  year            = {2016}
}

@article{LSGAN,
  author          = {Xudong Mao and Qing Li},
  title           = {Least Squares Generative Adversarial Networks},
  journal         = {arXiV},
  volume          = {0},
  number          = {0},
  year            = {2016}
}

@article{WGAN,
  author          = {Martin Arjovsky and Soumith Chintala and LÂ´eon Bottou},
  title           = {Wasserstein GAN},
  journal         = {arXiV},
  volume          = {0},
  number          = {0},
  year            = {2017}
}