@article{rjp97,
AUTHOR = {rjp},
title = {rjpbook},
edition = {1st},
publisher = {rjppub},
address = {tj},
year = {2019}
}