@phdthesis{guoxx,
  author      = {郭晓新},
  title       = {超分辨率重建问题的研究},
  school      = {吉林大学},
  year        = {2005}
}

@phdthesis{zhaoxd,
  author      = {赵晓东},
  title       = {光学遥感影像超分辨率重构算法研究},
  school      = {中国科学院大学},
  year        = {2017}
}

@phdthesis{wangyf,
  author      = {王一帆},
  title       = {基于深度集成学习的图像超分辨率算法研究},
  school      = {大连理工大学},
  year        = {2020}
}

@phdthesis{zhengk,
  author      = {郑珂},
  title       = {基于深度学习的高光谱图像超分辨率重建与分类方法研究},
  school      = {中国矿业大学},
  year        = {2020}
}

@phdthesis{fengxb,
  author      = {冯旭斌},
  title       = {基于深度学习的光学遥感图像去噪与超分辨率重建算法研究},
  school      = {中国科学院大学},
  year        = {2020}
}

@phdthesis{liaoxx,
  author      = {廖秀秀},
  title       = {基于学习的图像超分辨率重建算法研究},
  school      = {华南理工大学},
  year        = {2013}
}

@phdthesis{liz,
  author      = {李展},
  title       = {空间超分辨率图像重建算法研究},
  school      = {华南理工大学},
  year        = {2012}
}

@phdthesis{caojl,
  author      = {曹聚亮},
  title       = {图像超分辨率处理成像及其相关技术研究},
  school      = {国防科学技术大学},
  year        = {2004}
}

@phdthesis{xuy,
  author      = {胥妍},
  title       = {图像超分辨率重建算法研究},
  school      = {北京邮电大学},
  year        = {2013}
}

@phdthesis{xukz,
  author      = {徐泽楷},
  title       = {稀缺样本下基于深度学习的图像超分辨率方法研究},
  school      = {华中科技大学},
  year        = {2019}
}

@phdthesis{huxc,
  author      = {胡学财},
  title       = {自适应的图像超分辨率算法研究},
  school      = {中国科学院大学},
  year        = {2021}
}