@article{review01,
  author          = {Wenming Yang and Xuechen Zhang and Yapeng Tian and Wei Wang and Jing-Hao Xue and Qingmin Liao},
  title           = {Deep Learning for Single Image Super-Resolution: A Brief Review},
  journal         = {IEEE},
  volume          = {1520},
  number          = {9210},
  year            = {2019}
}

@manual{review02,
  title        = {Real-World Single Image Super-Resolution: A Brief Review},
  author       = {Honggang Chen and Xiaohai He and Linbo Qing and Yuanyuan Wu and Chao Ren and Ce Zhu}
}

@article{review03,
  author          = {Zhihao Wang and Jian Chen and Steven C.H. Hoi},
  title           = {Deep Learning for Image Super-resolution: A Survey},
  journal         = {IEEE},
  volume          = {0162},
  number          = {8828},
  year            = {2020}
}